@book{bueno2011,
address = {São Paulo},
author = {Bueno, Rodrigo de Losso da Silveira},
edition = {2},
pages = {341},
publisher = {Cengage  Learning},
title = {Econometria de Séries Temporais},
year = {2011}
}

@book{morettin2011,
address = {São Paulo},
author = {Morettin, Pedro A.},
edition = {2},
pages = {383},
publisher = {Blucher},
title = {Econometria Financeira - Um curso em séries temporais financeiras},
year = {2011}
}

@book{morettin1986,
address = {São Paulo},
author = {Morettin, Pedro A. and Toloi, Clélia M.},
edition = {1},
pages = {136},
publisher = {Atual},
title = {Séries Temporais},
year = {1986}
}

@misc{datasus,
    title = {datasus: An Interface to DATASUS System},
    author = {Renato {Prado Siqueira}},
    year = {2018},
    note = {R package version 0.4.1},
    url = {https://CRAN.R-project.org/package=datasus}
  }

@misc{FEE2016,
author = {FEE},
title = {{Funda{\c{c}}{\~{a}}o de Economia e Estat{\'{i}}stica Siegfried Emanuel Heuser - FEEDADOS}},
url = {http://feedados.fee.tche.br/feedados/},
urldate = {2016-06-30},
year = {2016}
}


@article{tmap,
    title = {{tmap}: Thematic Maps in {R}},
    author = {Martijn Tennekes},
    journal = {Journal of Statistical Software},
    year = {2018},
    volume = {84},
    number = {6},
    pages = {1--39},
    doi = {10.18637/jss.v084.i06}
  }

@book{Kassambara2017,
address = {USA},
author = {Kassambara, Alboukadel},
edition = {1},
pages = {188},
publisher = {STHDA},
title = {{Practical Guide To Cluster Analysis in R}},
year = {2017}
}

@book{Kassambara2017b,
address = {USA},
author = {Kassambara, Alboukadel},
edition = {1},
pages = {234},
publisher = {STHDA},
title = {{Practical Guide To Principal Component Methods in R}},
year = {2017}
}

@article{pesaran2015,
  title={Testing weak cross-sectional dependence in large panels},
  author={Pesaran, M Hashem},
  journal={Econometric Reviews},
  volume={34},
  number={6-10},
  pages={1089--1117},
  year={2015}
}

@book{wooldridge2010,
  title={Econometric analysis of cross section and panel data},
  author={Wooldridge, Jeffrey M},
  year={2010},
  publisher={MIT Press}
}

@article{breusch1979,
  title={A simple test for heteroscedasticity and random coefficient variation},
  author={Breusch, Trevor S and Pagan, Adrian R},
  journal={Econometrica: Journal of the Econometric Society},
  pages={1287--1294},
  year={1979},
  publisher={JSTOR}
}

@article{breusch1978,
  title={Testing for autocorrelation in dynamic linear models},
  author={Breusch, Trevor S},
  journal={Australian Economic Papers},
  volume={17},
  number={31},
  pages={334--355},
  year={1978}
}


@article{hausman1978,
  title={Specification tests in econometrics},
  author={Hausman, Jerry A},
  journal={Econometrica: Journal of the econometric society},
  pages={1251--1271},
  year={1978}
}

@article{breusch1980,
  title={The Lagrange multiplier test and its applications to model specification in econometrics},
  author={Breusch, Trevor Stanley and Pagan, Adrian Rodney},
  journal={The Review of Economic Studies},
  volume={47},
  number={1},
  pages={239--253},
  year={1980}
}

@book{Siegel2017,
address = {Rio de Janeiro},
author = {Siegel, Eric},
pages = {320},
publisher = {Alta Books},
title = {{An{\'{a}}lise Preditiva: O poder de prever quem vai clicar, comprar, mentir ou morrer}},
year = {2017}
}


@Book{xie2015,
  title = {Dynamic Documents with {R} and knitr},
  author = {Yihui Xie},
  publisher = {Chapman and Hall/CRC},
  address = {Boca Raton, Florida},
  year = {2015},
  edition = {2nd},
  note = {ISBN 978-1498716963},
  url = {http://yihui.name/knitr/},
}

@misc{Torres-Reyna2014,
author = {Torres-Reyna, Oscar},
booktitle = {Data and Statistical Services},
mendeley-groups = {Estatistica},
title = {{Logit, Probit and Multinomial Logit models in R}},
url = {http://dss.princeton.edu/training/LogitR101.pdf},
urldate = {2017-10-02},
year = {2014}
}



@misc{Semace2018,
author = {Semace},
title = {Shape – Definições e Conversão},
url = {http://www.semace.ce.gov.br/2011/06/shape-definicoes-e-conversao/},
urldate = {2018-04-22},
year = {2018}
}

@article{Fawcett2006,
author = {Fawcett, Tom},
journal = {Pattern Recognition Letters},
pages = {861-874},
title = {{An introduction to ROC analysis}},
volume = {27},
year = {2006}
}

@book{Hair2009,
address = {S{\~{a}}o Paulo},
author = {Hair, Joseph F. and Black, William C. and Babin, Barry J. and Tatham, Ronald L.},
edition = {6a},
publisher = {Bookman},
title = {{An{\'{a}}lise Multivariada de Dados}},
year = {2009}
}

@book{Pereira2004,
address = {S{\~{a}}o Paulo},
author = {Pereira, J{\'{u}}lio Cesar Rodrigues},
edition = {3},
mendeley-groups = {Livros},
pages = {151},
publisher = {Editora da Universidade de S{\~{a}}o Paulo},
title = {{An{\'{a}}lise de Dados Qualitativos: Estrat{\'{e}}gias Metodol{\'{o}}gicas para as Ci{\^{e}}ncias da Sa{\'{u}}de, Humanas e Sociais}},
year = {2004}
}


@book{Hosmer2000,
address = {New York},
author = {Hosmer, David W. and Lemeschow, Stanley},
edition = {2a},
mendeley-groups = {Livros},
pages = {397},
publisher = {Wiley},
title = {{Applied Logistic Regression}},
year = {2000}
}

@book{Gujarati2011,
address = {New York},
archivePrefix = {arXiv},
arxivId = {1005.0621},
author = {Gujarati, Damodar N. and Porter, Down C},
edition = {5a},
mendeley-groups = {Livros},
publisher = {Mc Graw Hill},
title = {{Econometria b{\'{a}}sica}},
year = {2011}
}

@book{Rawlings1998,
address = {New York},
author = {Rawlings, John O and Pantula, Sastry G and Dickey, David A.},
pages = {671},
publisher = {Springer},
title = {{Applied Regression Analysis: A Research Tool}},
year = {1998}
}

@book{Riboldi2005,
address = {UFRGS},
author = {Riboldi, J.},
pages = {671},
publisher = {Programa de Pós-Graduação em Epidemiologia. Faculdade de Medicina},
title = {Modelos Lineares: notas de aula},
year = {2005}
}

@misc{penn2018,
  author = {PennState},
title = {R - Poisson Regression Model for Count Data},
url = {https://onlinecourses.science.psu.edu/stat504/node/169/},
urldate = {2018-09-20},
year = {2018}
}